<record><leader>00000cas a22000007a 4500</leader><controlfield tag="001">12571781</controlfield><controlfield tag="008">850918d18451849wiuwr ne      0    0eng c</controlfield><datafield ind1=" " ind2=" " tag="010"><subfield code="a">sn 85041034 </subfield></datafield><datafield ind1=" " ind2=" " tag="040"><subfield code="a">NPV</subfield><subfield code="b">eng</subfield><subfield code="c">NPV</subfield><subfield code="d">DLC</subfield><subfield code="d">OCLCQ</subfield><subfield code="d">OCLCF</subfield></datafield><datafield ind1="1" ind2=" " tag="029"><subfield code="a">AU@</subfield><subfield code="b">000025808959</subfield></datafield><datafield ind1=" " ind2=" " tag="042"><subfield code="a">pcc</subfield></datafield><datafield ind1=" " ind2=" " tag="043"><subfield code="a">n-us-wi</subfield></datafield><datafield ind1=" " ind2=" " tag="045"><subfield code="a">w4w-</subfield></datafield><datafield ind1="0" ind2="0" tag="050"><subfield code="a">Newspaper 10282</subfield></datafield><datafield ind1=" " ind2=" " tag="052"><subfield code="a">4123</subfield><subfield code="b">G6</subfield></datafield><datafield ind1="0" ind2="0" tag="245"><subfield code="a">Independent American and general advertiser.</subfield></datafield><datafield ind1="1" ind2="3" tag="246"><subfield code="a">Independent American</subfield></datafield><datafield ind1=" " ind2=" " tag="260"><subfield code="a">Platteville, W.T. [i.e. Wis.] :</subfield><subfield code="b">J.L. Marsh,</subfield><subfield code="c">1845-</subfield></datafield><datafield ind1=" " ind2=" " tag="300"><subfield code="a">v. :</subfield><subfield code="b">ill. (chiefly advertisements)</subfield></datafield><datafield ind1=" " ind2=" " tag="310"><subfield code="a">Weekly</subfield></datafield><datafield ind1="0" ind2=" " tag="362"><subfield code="a">Vol. 1, no. 2 (Jan. 18, 1845)- = Whole no. 53.</subfield></datafield><datafield ind1="1" ind2=" " tag="362"><subfield code="a">Ceased with Jan. 6, 1849 issue?</subfield></datafield><datafield ind1=" " ind2=" " tag="500"><subfield code="a">Publisher varies.</subfield></datafield><datafield ind1=" " ind2=" " tag="515"><subfield code="a">Vols. for &lt;Jan. 9, 1846-Jan. 6, 1849&gt; called also whole no. &lt;53-208&gt;.</subfield></datafield><datafield ind1=" " ind2=" " tag="530"><subfield code="a">Also issued on microfilm from The State Historical Society of Wisconsin.</subfield></datafield><datafield ind1=" " ind2="0" tag="651"><subfield code="a">Platteville (Wis.)</subfield><subfield code="v">Newspapers.</subfield></datafield><datafield ind1=" " ind2="7" tag="655"><subfield code="a">Newspapers.</subfield><subfield code="2">fast</subfield><subfield code="0">(OCoLC)fst01423814</subfield></datafield><datafield ind1=" " ind2="7" tag="651"><subfield code="a">Wisconsin</subfield><subfield code="z">Platteville.</subfield><subfield code="2">fast</subfield><subfield code="0">(OCoLC)fst01202849</subfield></datafield><datafield ind1=" " ind2=" " tag="752"><subfield code="a">United States</subfield><subfield code="b">Wisconsin</subfield><subfield code="c">Grant</subfield><subfield code="d">Platteville.</subfield></datafield><datafield ind1="0" ind2="0" tag="780"><subfield code="t">American (Platteville, Wis.)</subfield><subfield code="w">(DLC)sn 85041035</subfield></datafield></record>